@inproceedings{hackingAndSecuring,
author = {Pleban, Johann and Band, Ricardo and Creutzburg, Reiner},
year = {2014},
month = {01},
pages = {},
title = {Hacking and securing the AR.Drone 2.0 quadcopter - Investigations for improving the security of a toy},
doi = {10.1117/12.2044868}
}

@article{analysisAndAttack,
author = {Samland, Fred and Fruth, Jana and Hildebrandt, Mario and Hoppe, Tobias and Dittmann, Jana},
year = {2012},
month = {01},
pages = {15-},
title = {AR.Drone: Security threat analysis and exemplary attack to track persons},
volume = {8301},
journal = {Proceedings of SPIE - The International Society for Optical Engineering},
doi = {10.1117/12.902990}
}





